
@article{kunkel2014spiking,
  title={Spiking network simulation code for petascale computers},
  author={Kunkel, Susanne and Schmidt, Maximilian and Eppler, Jochen M and Plesser, Hans E and Masumoto, Gen and Igarashi, Jun and Ishii, Shin and Fukai, Tomoki and Morrison, Abigail and Diesmann, Markus and others},
  journal={Frontiers in neuroinformatics},
  volume={8},
  year={2014},
  publisher={Frontiers Media SA}
}
